<record><leader>00000cas a22000007a 4500</leader><controlfield tag="001">32886354</controlfield><controlfield tag="008">950728d18731874ksuwr ne      0    0eng d</controlfield><datafield ind1=" " ind2=" " tag="010"><subfield code="a">sn 95068604 </subfield></datafield><datafield ind1=" " ind2=" " tag="040"><subfield code="a">MGN</subfield><subfield code="b">eng</subfield><subfield code="c">MGN</subfield><subfield code="d">OCLCQ</subfield></datafield><datafield ind1=" " ind2=" " tag="042"><subfield code="a">msc</subfield></datafield><datafield ind1="0" ind2="0" tag="245"><subfield code="a">Belle Plain Democrat.</subfield></datafield><datafield ind1=" " ind2=" " tag="260"><subfield code="a">Belle Plain, Kan. :</subfield><subfield code="b">T.B. Peddecord</subfield></datafield><datafield ind1=" " ind2=" " tag="300"><subfield code="a">v.</subfield></datafield><datafield ind1=" " ind2=" " tag="310"><subfield code="a">Weekly</subfield></datafield><datafield ind1="1" ind2=" " tag="362"><subfield code="a">Began in 1873; ceased in 1874?</subfield></datafield><datafield ind1=" " ind2=" " tag="500"><subfield code="a">Editors: E.F. Widner, &lt;1873&gt;; J.W. Forney, &lt;1874&gt;.</subfield></datafield><datafield ind1=" " ind2=" " tag="500"><subfield code="a">Publisher: E.F. Widner, &lt;1873&gt;.</subfield></datafield><datafield ind1=" " ind2=" " tag="588"><subfield code="a">Description based on: Vol. 2, no. 27 (Aug. 21, 1874).</subfield></datafield><datafield ind1="1" ind2=" " tag="700"><subfield code="a">Widner, E. F.</subfield></datafield><datafield ind1="1" ind2=" " tag="700"><subfield code="a">Forney, J. W.</subfield></datafield><datafield ind1=" " ind2=" " tag="752"><subfield code="a">United States</subfield><subfield code="b">Kansas</subfield><subfield code="c">Sumner</subfield><subfield code="d">Belle Plain.</subfield></datafield></record>